<collection xmlns="http://www.loc.gov/MARC21/slim">
<record>
  <leader>00707nam0a2200229 i 450 </leader>
  <controlfield tag="001">IT\ICCU\CNCE\061495</controlfield>
  <controlfield tag="005">20131021000000.0</controlfield>
  <datafield tag="012" ind1=" " ind2=" ">
    <subfield code="a">I..6 .810 10.8 6.1. (S) 1574 (Q)</subfield>
    <subfield code="2">fei</subfield>
  </datafield>
  <datafield tag="100" ind1=" " ind2=" ">
    <subfield code="a">20050928f1574        0itac0103    ba</subfield>
  </datafield>
  <datafield tag="101" ind1=" " ind2=" ">
    <subfield code="a">ITA</subfield>
  </datafield>
  <datafield tag="102" ind1=" " ind2=" ">
    <subfield code="a">IT</subfield>
  </datafield>
  <datafield tag="200" ind1="1" ind2=" ">
    <subfield code="a">Tauoletta sopra la provisione delle monete, &amp; loro valuta</subfield>
  </datafield>
  <datafield tag="210" ind1=" " ind2=" ">
    <subfield code="d">\1574?!</subfield>
  </datafield>
  <datafield tag="215" ind1=" " ind2=" ">
    <subfield code="a">1 manifesto</subfield>
    <subfield code="d">1/2</subfield>
  </datafield>
  <datafield tag="300" ind1=" " ind2=" ">
    <subfield code="a">Data di pubblicazione: Modena, 4 gennaio 1574</subfield>
  </datafield>
  <datafield tag="620" ind1=" " ind2=" ">
    <subfield code="a">IT</subfield>
    <subfield code="d">Modena</subfield>
  </datafield>
  <datafield tag="710" ind1="0" ind2="2">
    <subfield code="a">Modena</subfield>
    <subfield code="3">9318</subfield>
  </datafield>
  <datafield tag="712" ind1="0" ind2="2">
    <subfield code="a">s.n.</subfield>
    <subfield code="3">IT\ICCU\CNCT\000002</subfield>
    <subfield code="4">650</subfield>
  </datafield>
  <datafield tag="791" ind1="0" ind2="2">
    <subfield code="a">Mutina</subfield>
    <subfield code="3">21451</subfield>
    <subfield code="z">Modena</subfield>
  </datafield>
  <datafield tag="791" ind1="0" ind2="2">
    <subfield code="a">Modona</subfield>
    <subfield code="3">21452</subfield>
    <subfield code="z">Modena</subfield>
  </datafield>
  <datafield tag="801" ind1=" " ind2="3">
    <subfield code="a">IT</subfield>
    <subfield code="b">ICCU</subfield>
    <subfield code="c">20201115</subfield>
  </datafield>
  <datafield tag="899" ind1=" " ind2=" ">
    <subfield code="a">Biblioteca  Panizzi. Reggio Emilia</subfield>
    <subfield code="1">RE0052</subfield>
    <subfield code="2">RE2 PA</subfield>
  </datafield>
</record>
</collection>
